<?xml version='1.0' encoding='utf-8'?>
<record xmlns="http://www.loc.gov/MARC21/slim" xmlns:xsi="http://www.w3.org/2001/XMLSchema-instance">
  <leader>^^^^^nic^a2200229^a^4500</leader>
  <controlfield tag="001">003492136</controlfield>
  <controlfield tag="005">20000712000000.0</controlfield>
  <controlfield tag="007">ss^lunjlcunnuu</controlfield>
  <controlfield tag="008">000710s1999^^^^ilunnn^^^^^^^^^c^^^^eng^d</controlfield>
  <datafield tag="035" ind1=" " ind2=" ">
    <subfield code="a">(OCoLC)ocm44519677</subfield>
  </datafield>
  <datafield tag="040" ind1=" " ind2=" ">
    <subfield code="a">BEU</subfield>
    <subfield code="c">BEU</subfield>
  </datafield>
  <datafield tag="245" ind1="0" ind2="0">
    <subfield code="a">[Prairie 2000: Jens Jensen and the prairie garden sound recording collection]</subfield>
  </datafield>
  <datafield tag="260" ind1=" " ind2=" ">
    <subfield code="a">[Oak Park, Ill.] :</subfield>
    <subfield code="b">Pleasant Home Foundation,</subfield>
    <subfield code="c">c1999.</subfield>
  </datafield>
  <datafield tag="300" ind1=" " ind2=" ">
    <subfield code="a">7 sound cassettes :</subfield>
    <subfield code="b">analog</subfield>
  </datafield>
  <datafield tag="505" ind1="0" ind2=" ">
    <subfield code="a">Reflections on Jensen / by Leonard Eaton -- Jens Jenson : maker of natural parks and gardens / by Robert Grese -- Jensen in your neighborhood. Oak Park/River Forest / by Carol Yetkem. Lake Forest / by Arthur Miller. Highland Park / by David Wendell. Chicago parks / by Chris Gent -- Columbus Park memories / by Gloria Wexler -- Jens Jensen and the Friends of our Native Landscape / by William Tishler.</subfield>
  </datafield>
  <datafield tag="600" ind1="1" ind2="0">
    <subfield code="a">Jensen, Jens,</subfield>
    <subfield code="d">1860-1951.</subfield>
  </datafield>
  <datafield tag="650" ind1=" " ind2="0">
    <subfield code="a">Parks</subfield>
    <subfield code="z">Illinois</subfield>
    <subfield code="x">Planning</subfield>
    <subfield code="v">Congresses.</subfield>
  </datafield>
  <datafield tag="710" ind1="2" ind2=" ">
    <subfield code="a">Pleasant Home Foundation.</subfield>
  </datafield>
  <datafield tag="852" ind1="8" ind2=" ">
    <subfield code="a">MiU-H</subfield>
    <subfield code="b">BENT</subfield>
    <subfield code="h">0091 Aa 2</subfield>
  </datafield>
  <datafield tag="998" ind1=" " ind2=" ">
    <subfield code="c">LAC</subfield>
  </datafield>
  <datafield tag="955" ind1=" " ind2=" ">
    <subfield code="b">BENT</subfield>
    <subfield code="p">B1416173</subfield>
  </datafield>
</record>
